<?xml version="1.0" encoding="UTF-8"?><collection xmlns="http://www.loc.gov/MARC21/slim"><record><leader>00459nam--2200133-i-4500</leader><controlfield tag="001">000037199</controlfield><controlfield tag="002">20161230</controlfield><controlfield tag="005">20161230201041</controlfield><controlfield tag="008">060222s1000------------r-----000-0-eng-d</controlfield><datafield ind1=" " ind2=" " tag="080"><subfield code="a">331=03</subfield></datafield><datafield ind1=" " ind2=" " tag="245"><subfield code="a">Probleme privind recrutarea si selectionarea cadrelor de conducere din intreprinderi. culegere de traduceri</subfield></datafield><datafield ind1=" " ind2=" " tag="260"><subfield code="a">Bucuresti, I.N.I.D., 1973, 62p</subfield></datafield><datafield ind1=" " ind2=" " tag="490"><subfield code="a">Informarea Documentara In Sprijinul Realizarii Cincinalului Inainte De Termen</subfield></datafield><datafield ind1=" " ind2=" " tag="852"><subfield code="a">31084</subfield></datafield></record></collection>